@inproceedings{altenkirch06,
 author = {Altenkirch, Thorsten and McBride, Conor and Morris, Peter},
 title = {Generic Programming with Dependent Types},
 booktitle = {Proceedings of the 2006 International Conference on Datatype-generic Programming},
 series = {SSDGP'06},
 year = {2007},
 isbn = {3-540-76785-1, 978-3-540-76785-5},
 location = {Nottingham, UK},
 pages = {209--257},
 numpages = {49},
 url = {http://dl.acm.org/citation.cfm?id=1782894.1782898},
 acmid = {1782898},
 publisher = {Springer-Verlag},
 address = {Berlin, Heidelberg},
}

@article{dagand14-transporting,
author = {Dagand, Pierre-\'{E}variste and McBride, Conor},
title = {Transporting functions across ornaments},
journal = {Journal of Functional Programming},
volume = {24},
issue = {Special Issue 2-3},
year = {2014},
issn = {1469-7653},
pages = {316--383},
numpages = {68},
doi = {10.1017/S0956796814000069},
URL = {http://journals.cambridge.org/article_S0956796814000069},
}

@inproceedings{yakushev09,
 author = {Yakushev, Alexey Rodriguez and Holdermans, Stefan and L\"{o}h, Andres and Jeuring, Johan},
 title = {Generic Programming with Fixed Points for Mutually Recursive Datatypes},
 booktitle = {Proceedings of the 14th ACM SIGPLAN International Conference on Functional Programming},
 series = {ICFP '09},
 year = {2009},
 isbn = {978-1-60558-332-7},
 location = {Edinburgh, Scotland},
 pages = {233--244},
 numpages = {12},
 url = {http://doi.acm.org/10.1145/1596550.1596585},
 doi = {10.1145/1596550.1596585},
 acmid = {1596585},
 publisher = {ACM},
 address = {New York, NY, USA},
 keywords = {datatype-generic programming, fixed points, haskell, mutually recursive datatypes},
}

@incollection{brady04,
year={2004},
isbn={978-3-540-22164-7},
booktitle={Types for Proofs and Programs},
volume={3085},
series={Lecture Notes in Computer Science},
editor={Berardi, Stefano and Coppo, Mario and Damiani, Ferruccio},
doi={10.1007/978-3-540-24849-1_8},
title={Inductive Families Need Not Store Their Indices},
url={http://dx.doi.org/10.1007/978-3-540-24849-1_8},
publisher={Springer Berlin Heidelberg},
author={Brady, Edwin and McBride, Conor and McKinna, James},
pages={115-129},
language={English}
}

@inproceedings{chapman10,
 author = {Chapman, James and Dagand, Pierre-\'{E}variste and McBride, Conor and Morris, Peter},
 title = {The Gentle Art of Levitation},
 booktitle = {Proceedings of the 15th ACM SIGPLAN International Conference on Functional Programming},
 series = {ICFP '10},
 year = {2010},
 isbn = {978-1-60558-794-3},
 location = {Baltimore, Maryland, USA},
 pages = {3--14},
 numpages = {12},
 url = {http://doi.acm.org/10.1145/1863543.1863547},
 doi = {10.1145/1863543.1863547},
 acmid = {1863547},
 publisher = {ACM},
 address = {New York, NY, USA},
 keywords = {data structure, metaprogramming, monads, proof assistants, type systems},
} 

@article{dagand12,
  author    = {Dagand, Pierre-\'{E}variste and
               McBride, Conor},
  title     = {A Categorical Treatment of Ornaments},
  journal   = {CoRR},
  volume    = {abs/1212.3806},
  year      = {2012},
  url       = {http://arxiv.org/abs/1212.3806},
  timestamp = {Wed, 02 Jan 2013 09:49:04 +0100},
  biburl    = {http://dblp.uni-trier.de/rec/bib/journals/corr/abs-1212-3806},
  bibsource = {dblp computer science bibliography, http://dblp.org}
}

@misc{kogibbons13,
  title = "Categorical organisation of the ornamentâ€“refinement framework",
  author = "Ko, Hsiang-Shang and Gibbons, Jeremy",
  year = "2013",
  howpublished = "Submitted to POPL'14",
  month = "July",
  url = "http://www.cs.ox.ac.uk/people/hsiang-shang.ko/pcOrn-categorical/pcOrn-categorical.pdf",
}

@inproceedings{williams14,
 author = {Williams, Thomas and Dagand, Pierre-\'{E}variste and R{\'e}my, Didier},
 title = {Ornaments in Practice},
 booktitle = {Proceedings of the 10th ACM SIGPLAN Workshop on Generic Programming},
 series = {WGP '14},
 year = {2014},
 isbn = {978-1-4503-3042-8},
 location = {Gothenburg, Sweden},
 pages = {15--24},
 numpages = {10},
 url = {http://doi.acm.org/10.1145/2633628.2633631},
 doi = {10.1145/2633628.2633631},
 acmid = {2633631},
 publisher = {ACM},
 address = {New York, NY, USA},
 keywords = {code inference, datatypes, dependent types, generalized algebraic datatypes, ornament, refactoring},
}

@misc{dagand14-essence,
  author = {Dagand, Pierre-\'{E}variste},
  title = {The Essence of Ornaments},
  year = {2014}
}

@misc{mcbride11,
  author = {McBride, Conor},
  title = {Ornamental algebras, algebraic ornaments},
  year = {2011}
}