@inproceedings{altenkirch06,
 author = {Altenkirch, Thorsten and McBride, Conor and Morris, Peter},
 title = {Generic Programming with Dependent Types},
 booktitle = {Proceedings of the 2006 International Conference on Datatype-generic Programming},
 series = {SSDGP'06},
 year = {2007},
 isbn = {3-540-76785-1, 978-3-540-76785-5},
 location = {Nottingham, UK},
 pages = {209--257},
 numpages = {49},
 url = {http://dl.acm.org/citation.cfm?id=1782894.1782898},
 acmid = {1782898},
 publisher = {Springer-Verlag},
 address = {Berlin, Heidelberg},
}

@article{dagand14-transporting,
author = {Dagand, Pierre-\'{E}variste and McBride, Conor},
title = {Transporting functions across ornaments},
journal = {Journal of Functional Programming},
volume = {24},
issue = {Special Issue 2-3},
year = {2014},
issn = {1469-7653},
pages = {316--383},
numpages = {68},
doi = {10.1017/S0956796814000069},
URL = {http://journals.cambridge.org/article_S0956796814000069},
}

@inproceedings{yakushev09,
 author = {Yakushev, Alexey Rodriguez and Holdermans, Stefan and L\"{o}h, Andres and Jeuring, Johan},
 title = {Generic Programming with Fixed Points for Mutually Recursive Datatypes},
 booktitle = {Proceedings of the 14th ACM SIGPLAN International Conference on Functional Programming},
 series = {ICFP '09},
 year = {2009},
 isbn = {978-1-60558-332-7},
 location = {Edinburgh, Scotland},
 pages = {233--244},
 numpages = {12},
 url = {http://doi.acm.org/10.1145/1596550.1596585},
 doi = {10.1145/1596550.1596585},
 acmid = {1596585},
 publisher = {ACM},
 address = {New York, NY, USA},
 keywords = {datatype-generic programming, fixed points, haskell, mutually recursive datatypes},
}

@incollection{brady04,
year={2004},
isbn={978-3-540-22164-7},
booktitle={Types for Proofs and Programs},
volume={3085},
series={Lecture Notes in Computer Science},
editor={Berardi, Stefano and Coppo, Mario and Damiani, Ferruccio},
doi={10.1007/978-3-540-24849-1_8},
title={Inductive Families Need Not Store Their Indices},
url={http://dx.doi.org/10.1007/978-3-540-24849-1_8},
publisher={Springer Berlin Heidelberg},
author={Brady, Edwin and McBride, Conor and McKinna, James},
pages={115-129},
language={English}
}

@inproceedings{chapman10,
 author = {Chapman, James and Dagand, Pierre-\'{E}variste and McBride, Conor and Morris, Peter},
 title = {The Gentle Art of Levitation},
 booktitle = {Proceedings of the 15th ACM SIGPLAN International Conference on Functional Programming},
 series = {ICFP '10},
 year = {2010},
 isbn = {978-1-60558-794-3},
 location = {Baltimore, Maryland, USA},
 pages = {3--14},
 numpages = {12},
 url = {http://doi.acm.org/10.1145/1863543.1863547},
 doi = {10.1145/1863543.1863547},
 acmid = {1863547},
 publisher = {ACM},
 address = {New York, NY, USA},
 keywords = {data structure, metaprogramming, monads, proof assistants, type systems},
} 

@article{dagand12,
  author    = {Dagand, Pierre-\'{E}variste and
               McBride, Conor},
  title     = {A Categorical Treatment of Ornaments},
  journal   = {CoRR},
  volume    = {abs/1212.3806},
  year      = {2012},
  url       = {http://arxiv.org/abs/1212.3806},
  timestamp = {Wed, 02 Jan 2013 09:49:04 +0100},
  biburl    = {http://dblp.uni-trier.de/rec/bib/journals/corr/abs-1212-3806},
  bibsource = {dblp computer science bibliography, http://dblp.org}
}

@misc{kogibbons13,
  title = "Categorical organisation of the ornament–refinement framework",
  author = "Ko, Hsiang-Shang and Gibbons, Jeremy",
  year = "2013",
  howpublished = "Submitted to POPL'14",
  month = "July",
  url = "http://www.cs.ox.ac.uk/people/hsiang-shang.ko/pcOrn-categorical/pcOrn-categorical.pdf",
}

@inproceedings{williams14,
 author = {Williams, Thomas and Dagand, Pierre-\'{E}variste and R{\'e}my, Didier},
 title = {Ornaments in Practice},
 booktitle = {Proceedings of the 10th ACM SIGPLAN Workshop on Generic Programming},
 series = {WGP '14},
 year = {2014},
 isbn = {978-1-4503-3042-8},
 location = {Gothenburg, Sweden},
 pages = {15--24},
 numpages = {10},
 url = {http://doi.acm.org/10.1145/2633628.2633631},
 doi = {10.1145/2633628.2633631},
 acmid = {2633631},
 publisher = {ACM},
 address = {New York, NY, USA},
 keywords = {code inference, datatypes, dependent types, generalized algebraic datatypes, ornament, refactoring},
}

@misc{dagand14-essence,
  author = {Dagand, Pierre-\'{E}variste},
  title = {The Essence of Ornaments},
  year = {2014}
}

@unpublished{mcbride11,
  author = {McBride, Conor},
  title = {Ornamental algebras, algebraic ornaments},
  year = {2011},
  note = {unpublished, dated 23 January 2011}
}

@inproceedings{diehl14,
 author = {Diehl, Larry and Sheard, Tim},
 title = {Generic Constructors and Eliminators from Descriptions: Type Theory As a Dependently Typed Internal DSL},
 booktitle = {Proceedings of the 10th ACM SIGPLAN Workshop on Generic Programming},
 series = {WGP '14},
 year = {2014},
 isbn = {978-1-4503-3042-8},
 location = {Gothenburg, Sweden},
 pages = {3--14},
 numpages = {12},
 url = {http://doi.acm.org/10.1145/2633628.2633630},
 doi = {10.1145/2633628.2633630},
 acmid = {2633630},
 publisher = {ACM},
 address = {New York, NY, USA},
 keywords = {dependent types, descriptions, eliminators, generic programming},
}

@inproceedings{loeh11,
  author = {L\"{o}h, Andres and Magalh\~{a}es, Jos{\'e} Pedro},
  title = {Generic programming with indexed functors},
  booktitle = {Proceedings of the 7th ACM SIGPLAN Workshop on Generic Programming},
  series = {WGP '11},
  year = {2011},
  isbn = {978-1-4503-0861-8},
  location = {Tokyo, Japan},
  pages = {1--12},
  numpages = {12},
  publisher = {ACM},
  address = {New York, NY, USA},
}

@incollection{bird98,
  year={1998},
  isbn={978-3-540-64591-7},
  booktitle={Mathematics of Program Construction},
  volume={1422},
  series={Lecture Notes in Computer Science},
  editor={Jeuring, Johan},
  doi={10.1007/BFb0054285},
  title={Nested datatypes},
  url={http://dx.doi.org/10.1007/BFb0054285},
  publisher={Springer Berlin Heidelberg},
  author={Bird, Richard and Meertens, Lambert},
  pages={52-67},
  language={English}
}

@book{martinloef84,
   title = "Intuitionistic type theory",
   author = "Martin-Löf, Per and Sambin, Giovanni",
   series = "Studies in proof theory",
   publisher = "Bibliopolis",
   address = "Napoli",
   url = "http://opac.inria.fr/record=b1093069",
   isbn = "88-7088-105-9",
   year = 1984
}

@inproceedings{ko11,
 author = {Ko, Hsiang-Shang and Gibbons, Jeremy},
 title = {Modularising Inductive Families},
 booktitle = {Proceedings of the Seventh ACM SIGPLAN Workshop on Generic Programming},
 series = {WGP '11},
 year = {2011},
 isbn = {978-1-4503-0861-8},
 location = {Tokyo, Japan},
 pages = {13--24},
 numpages = {12},
 url = {http://doi.acm.org/10.1145/2036918.2036921},
 doi = {10.1145/2036918.2036921},
 acmid = {2036921},
 publisher = {ACM},
 address = {New York, NY, USA},
 keywords = {datatype-generic programming, dependently typed programming, inductive families},
}

@inproceedings{christiansen14,
 author = {Christiansen, David Raymond},
 title = {Type-Directed Elaboration of Quasiquotations: A High-Level Syntax for Low-Level Reflection},
 booktitle = {Proceedings of the 26Nd 2014 International Symposium on Implementation and Application of Functional Languages},
 series = {IFL '14},
 year = {2014},
 isbn = {978-1-4503-3284-2},
 location = {Boston, MA, USA},
 pages = {1:1--1:9},
 articleno = {1},
 numpages = {9},
 url = {http://doi.acm.org/10.1145/2746325.2746326},
 doi = {10.1145/2746325.2746326},
 acmid = {2746326},
 publisher = {ACM},
 address = {New York, NY, USA},
 keywords = {Quasiquotation, metaprogramming, proof automation},
}

% Regular library
@inproceedings{noort08,
 author = {Noort, Thomas van and Rodriguez, Alexey and Holdermans, Stefan and Jeuring, Johan and Heeren, Bastiaan},
 title = {A Lightweight Approach to Datatype-generic Rewriting},
 booktitle = {Proceedings of the ACM SIGPLAN Workshop on Generic Programming},
 series = {WGP '08},
 year = {2008},
 isbn = {978-1-60558-060-9},
 location = {Victoria, BC, Canada},
 pages = {13--24},
 numpages = {12},
 url = {http://doi.acm.org/10.1145/1411318.1411321},
 doi = {10.1145/1411318.1411321},
 acmid = {1411321},
 publisher = {ACM},
 address = {New York, NY, USA},
 keywords = {datatype-generic programming, term rewriting},
}

@inproceedings{magalhaes12,
  author    = {Magalh\~{a}es, Jos{\'e} Pedro and L\"{o}h, Andres},
  year      = "2012",
  title     = "A Formal Comparison of Approaches to Datatype-Generic Programming",
  editor    = "Chapman, James and Levy, Paul Blain",
  booktitle = "{\rm Proceedings Fourth Workshop on}
               Mathematically Structured Functional Programming,
               {\rm Tallinn, Estonia, 25 March 2012}",
  series    = "Electronic Proceedings in Theoretical Computer Science",
  volume    = "76",
  publisher = "Open Publishing Association",
  pages     = "50-67",
  doi       = "10.4204/EPTCS.76.6",
}


@inproceedings{jansson97,
 author = {Jansson, Patrik and Jeuring, Johan},
 title = {PolyP\&Mdash;a Polytypic Programming Language Extension},
 booktitle = {Proceedings of the 24th ACM SIGPLAN-SIGACT Symposium on Principles of Programming Languages},
 series = {POPL '97},
 year = {1997},
 isbn = {0-89791-853-3},
 location = {Paris, France},
 pages = {470--482},
 numpages = {13},
 url = {http://doi.acm.org/10.1145/263699.263763},
 doi = {10.1145/263699.263763},
 acmid = {263763},
 publisher = {ACM},
 address = {New York, NY, USA},
}

@inproceedings{norell03,
 author = {Norell, Ulf and Jansson, Patrik},
 title = {Polytypic Programming in Haskell},
 booktitle = {Proceedings of the 15th International Conference on Implementation of Functional Languages},
 series = {IFL'03},
 year = {2004},
 isbn = {3-540-23727-5, 978-3-540-23727-3},
 location = {Edinburgh, UK},
 pages = {168--184},
 numpages = {17},
 url = {http://dx.doi.org/10.1007/978-3-540-27861-0_11},
 doi = {10.1007/978-3-540-27861-0_11},
 acmid = {2157910},
 publisher = {Springer-Verlag},
 address = {Berlin, Heidelberg},
}

@Inbook{danielsson2007,
  author="Danielsson, Nils Anders",
  editor="Altenkirch, Thorsten
  and McBride, Conor",
  chapter="A Formalisation of a Dependently Typed Language as an Inductive-Recursive Family",
  title="Types for Proofs and Programs: International Workshop, TYPES 2006, Nottingham, UK, April 18-21, 2006, Revised Selected Papers",
  year="2007",
  publisher="Springer Berlin Heidelberg",
  address="Berlin, Heidelberg",
  pages="93--109",
  isbn="978-3-540-74464-1",
  doi="10.1007/978-3-540-74464-1_7",
  url="http://dx.doi.org/10.1007/978-3-540-74464-1_7"
}

@inproceedings{mcbride10,
  author = {McBride, Conor},
  title = {Outrageous but Meaningful Coincidences: Dependent Type-safe Syntax and Evaluation},
  booktitle = {Proceedings of the 6th ACM SIGPLAN Workshop on Generic Programming},
  series = {WGP '10},
  year = {2010},
  isbn = {978-1-4503-0251-7},
  location = {Baltimore, Maryland, USA},
  pages = {1--12},
  numpages = {12},
  url = {http://doi.acm.org/10.1145/1863495.1863497},
  doi = {10.1145/1863495.1863497},
  acmid = {1863497},
  publisher = {ACM},
  address = {New York, NY, USA},
  keywords = {dependent types, generic programming},
}

@article{debruijn72,
  title = "Lambda calculus notation with nameless dummies, a tool for automatic formula manipulation, with application to the Church-Rosser theorem",
  journal = "Indagationes Mathematicae (Proceedings)",
  volume = "75",
  number = "5",
  pages = "381 - 392",
  year = "1972",
  note = "",
  issn = "1385-7258",
  doi = "http://dx.doi.org/10.1016/1385-7258(72)90034-0",
  url = "http://www.sciencedirect.com/science/article/pii/1385725872900340",
  author = "N.G de Bruijn",
}

@article{debruijn91,
    author = {N. G. De Bruijn},
    title = {Telescopic mappings in typed lambda calculus},
    journal = {Information and Computation},
    year = {1991},
    volume = {91},
    pages = {189--204}
}

@inproceedings{dybjer91,
  author = {Peter Dybjer},
  title = {Inductive Sets and Families in Martin-Löf's Type Theory and Their Set-Theoretic Semantics},
  booktitle = {Logical Frameworks},
  year = {1991},
  pages = {280--306},
  publisher = {Cambridge University Press}
}

@inproceedings{mcbride14,
 author = {McBride, Conor Thomas},
 title = {How to Keep Your Neighbours in Order},
 booktitle = {Proceedings of the 19th ACM SIGPLAN International Conference on Functional Programming},
 series = {ICFP '14},
 year = {2014},
 isbn = {978-1-4503-2873-9},
 location = {Gothenburg, Sweden},
 pages = {297--309},
 numpages = {13},
 url = {http://doi.acm.org/10.1145/2628136.2628163},
 doi = {10.1145/2628136.2628163},
 acmid = {2628163},
 publisher = {ACM},
 address = {New York, NY, USA},
 keywords = {agda, balancing, dependent types, ordering, sorting},
}

@article{mcbride08,
 author = {Mcbride, Conor and Paterson, Ross},
 title = {Applicative Programming with Effects},
 journal = {J. Funct. Program.},
 issue_date = {January 2008},
 volume = {18},
 number = {1},
 month = jan,
 year = {2008},
 issn = {0956-7968},
 pages = {1--13},
 numpages = {13},
 url = {http://dx.doi.org/10.1017/S0956796807006326},
 doi = {10.1017/S0956796807006326},
 acmid = {1348941},
 publisher = {Cambridge University Press},
 address = {New York, NY, USA},
}

@inproceedings{magalhaes10,
 author = {Magalh\~{a}es, Jos{\'e} Pedro and Dijkstra, Atze and Jeuring, Johan and L\"{o}h, Andres},
 title = {A Generic Deriving Mechanism for Haskell},
 booktitle = {Proceedings of the Third ACM Haskell Symposium on Haskell},
 series = {Haskell '10},
 year = {2010},
 isbn = {978-1-4503-0252-4},
 location = {Baltimore, Maryland, USA},
 pages = {37--48},
 numpages = {12},
 url = {http://doi.acm.org/10.1145/1863523.1863529},
 doi = {10.1145/1863523.1863529},
 acmid = {1863529},
 publisher = {ACM},
 address = {New York, NY, USA},
 keywords = {datatype-generic programming, haskell, type classes},
}
